%YAML 1.1
%TAG !u! tag:unity3d.com,2011:
--- !u!29 &1
SceneSettings:
  m_ObjectHideFlags: 0
  m_PVSData: 
  m_PVSObjectsArray: []
  m_PVSPortalsArray: []
  m_OcclusionBakeSettings:
    smallestOccluder: 5
    smallestHole: .25
    backfaceThreshold: 100
--- !u!104 &2
RenderSettings:
  m_Fog: 0
  m_FogColor: {r: .5, g: .5, b: .5, a: 1}
  m_FogMode: 3
  m_FogDensity: .00999999978
  m_LinearFogStart: 0
  m_LinearFogEnd: 300
  m_AmbientLight: {r: .200000003, g: .200000003, b: .200000003, a: 1}
  m_SkyboxMaterial: {fileID: 0}
  m_HaloStrength: .5
  m_FlareStrength: 1
  m_FlareFadeSpeed: 3
  m_HaloTexture: {fileID: 0}
  m_SpotCookie: {fileID: 0}
  m_ObjectHideFlags: 0
--- !u!127 &3
LevelGameManager:
  m_ObjectHideFlags: 0
--- !u!157 &4
LightmapSettings:
  m_ObjectHideFlags: 0
  m_LightProbes: {fileID: 0}
  m_Lightmaps: []
  m_LightmapsMode: 1
  m_BakedColorSpace: 0
  m_UseDualLightmapsInForward: 0
  m_LightmapEditorSettings:
    m_Resolution: 50
    m_LastUsedResolution: 0
    m_TextureWidth: 1024
    m_TextureHeight: 1024
    m_BounceBoost: 1
    m_BounceIntensity: 1
    m_SkyLightColor: {r: .860000014, g: .930000007, b: 1, a: 1}
    m_SkyLightIntensity: 0
    m_Quality: 0
    m_Bounces: 1
    m_FinalGatherRays: 1000
    m_FinalGatherContrastThreshold: .0500000007
    m_FinalGatherGradientThreshold: 0
    m_FinalGatherInterpolationPoints: 15
    m_AOAmount: 0
    m_AOMaxDistance: .100000001
    m_AOContrast: 1
    m_LODSurfaceMappingDistance: 1
    m_Padding: 0
    m_TextureCompression: 0
    m_LockAtlas: 0
--- !u!196 &5
NavMeshSettings:
  m_ObjectHideFlags: 0
  m_BuildSettings:
    agentRadius: .5
    agentHeight: 2
    agentSlope: 45
    agentClimb: .400000006
    ledgeDropHeight: 0
    maxJumpAcrossDistance: 0
    accuratePlacement: 0
    minRegionArea: 2
    widthInaccuracy: 16.666666
    heightInaccuracy: 10
    tileSizeHint: 0
  m_NavMesh: {fileID: 0}
--- !u!1 &66598622
GameObject:
  m_ObjectHideFlags: 0
  m_PrefabParentObject: {fileID: 0}
  m_PrefabInternal: {fileID: 0}
  serializedVersion: 4
  m_Component:
  - 4: {fileID: 66598626}
  - 114: {fileID: 66598625}
  - 114: {fileID: 66598624}
  - 114: {fileID: 66598623}
  m_Layer: 0
  m_Name: EventSystem
  m_TagString: Untagged
  m_Icon: {fileID: 0}
  m_NavMeshLayer: 0
  m_StaticEditorFlags: 0
  m_IsActive: 1
--- !u!114 &66598623
MonoBehaviour:
  m_ObjectHideFlags: 0
  m_PrefabParentObject: {fileID: 0}
  m_PrefabInternal: {fileID: 0}
  m_GameObject: {fileID: 66598622}
  m_Enabled: 1
  m_EditorHideFlags: 0
  m_Script: {fileID: 1997211142, guid: f5f67c52d1564df4a8936ccd202a3bd8, type: 3}
  m_Name: 
  m_EditorClassIdentifier: 
  m_AllowActivationOnStandalone: 0
--- !u!114 &66598624
MonoBehaviour:
  m_ObjectHideFlags: 0
  m_PrefabParentObject: {fileID: 0}
  m_PrefabInternal: {fileID: 0}
  m_GameObject: {fileID: 66598622}
  m_Enabled: 1
  m_EditorHideFlags: 0
  m_Script: {fileID: 1077351063, guid: f5f67c52d1564df4a8936ccd202a3bd8, type: 3}
  m_Name: 
  m_EditorClassIdentifier: 
  m_HorizontalAxis: Horizontal
  m_VerticalAxis: Vertical
  m_SubmitButton: Submit
  m_CancelButton: Cancel
  m_InputActionsPerSecond: 10
  m_AllowActivationOnMobileDevice: 0
--- !u!114 &66598625
MonoBehaviour:
  m_ObjectHideFlags: 0
  m_PrefabParentObject: {fileID: 0}
  m_PrefabInternal: {fileID: 0}
  m_GameObject: {fileID: 66598622}
  m_Enabled: 1
  m_EditorHideFlags: 0
  m_Script: {fileID: -619905303, guid: f5f67c52d1564df4a8936ccd202a3bd8, type: 3}
  m_Name: 
  m_EditorClassIdentifier: 
  m_FirstSelected: {fileID: 0}
  m_sendNavigationEvents: 1
  m_DragThreshold: 5
--- !u!4 &66598626
Transform:
  m_ObjectHideFlags: 0
  m_PrefabParentObject: {fileID: 0}
  m_PrefabInternal: {fileID: 0}
  m_GameObject: {fileID: 66598622}
  m_LocalRotation: {x: 0, y: 0, z: 0, w: 1}
  m_LocalPosition: {x: 0, y: 0, z: 0}
  m_LocalScale: {x: 1, y: 1, z: 1}
  m_Children: []
  m_Father: {fileID: 0}
  m_RootOrder: 1
--- !u!1 &222855359
GameObject:
  m_ObjectHideFlags: 0
  m_PrefabParentObject: {fileID: 169510, guid: 5cf054876c31ff546a63ef7d381ace4f, type: 2}
  m_PrefabInternal: {fileID: 2076139032}
  serializedVersion: 4
  m_Component:
  - 224: {fileID: 222855360}
  - 222: {fileID: 222855362}
  - 114: {fileID: 222855361}
  m_Layer: 5
  m_Name: Subtitle
  m_TagString: Untagged
  m_Icon: {fileID: 0}
  m_NavMeshLayer: 0
  m_StaticEditorFlags: 0
  m_IsActive: 1
--- !u!224 &222855360
RectTransform:
  m_ObjectHideFlags: 0
  m_PrefabParentObject: {fileID: 22469510, guid: 5cf054876c31ff546a63ef7d381ace4f,
    type: 2}
  m_PrefabInternal: {fileID: 2076139032}
  m_GameObject: {fileID: 222855359}
  m_LocalRotation: {x: 0, y: 0, z: 0, w: 1}
  m_LocalPosition: {x: 0, y: 0, z: 0}
  m_LocalScale: {x: 1, y: 1, z: 1}
  m_Children: []
  m_Father: {fileID: 1582808746}
  m_RootOrder: 2
  m_AnchorMin: {x: .5, y: .5}
  m_AnchorMax: {x: .5, y: .5}
  m_AnchoredPosition: {x: -289.500122, y: 260.999969}
  m_SizeDelta: {x: 874, y: 66}
  m_Pivot: {x: .49999994, y: .499999702}
--- !u!114 &222855361
MonoBehaviour:
  m_ObjectHideFlags: 0
  m_PrefabParentObject: {fileID: 11469510, guid: 5cf054876c31ff546a63ef7d381ace4f,
    type: 2}
  m_PrefabInternal: {fileID: 2076139032}
  m_GameObject: {fileID: 222855359}
  m_Enabled: 1
  m_EditorHideFlags: 0
  m_Script: {fileID: 708705254, guid: f5f67c52d1564df4a8936ccd202a3bd8, type: 3}
  m_Name: 
  m_EditorClassIdentifier: 
  m_Material: {fileID: 0}
  m_Color: {r: 1, g: 1, b: 1, a: 1}
  m_FontData:
    m_Font: {fileID: 12800000, guid: 8afa314d9821a0f4da8a9e3ba29bbb9a, type: 3}
    m_FontSize: 23
    m_FontStyle: 0
    m_BestFit: 0
    m_MinSize: 10
    m_MaxSize: 40
    m_Alignment: 0
    m_RichText: 0
    m_HorizontalOverflow: 0
    m_VerticalOverflow: 0
    m_LineSpacing: 1
  m_Text: Defend the yard from invading forces
--- !u!222 &222855362
CanvasRenderer:
  m_ObjectHideFlags: 0
  m_PrefabParentObject: {fileID: 22269510, guid: 5cf054876c31ff546a63ef7d381ace4f,
    type: 2}
  m_PrefabInternal: {fileID: 2076139032}
  m_GameObject: {fileID: 222855359}
--- !u!1 &386313086
GameObject:
  m_ObjectHideFlags: 0
  m_PrefabParentObject: {fileID: 100952, guid: 5cf054876c31ff546a63ef7d381ace4f, type: 2}
  m_PrefabInternal: {fileID: 2076139032}
  serializedVersion: 4
  m_Component:
  - 224: {fileID: 386313087}
  - 222: {fileID: 386313089}
  - 114: {fileID: 386313088}
  - 114: {fileID: 386313090}
  m_Layer: 5
  m_Name: Fader
  m_TagString: Untagged
  m_Icon: {fileID: 0}
  m_NavMeshLayer: 0
  m_StaticEditorFlags: 0
  m_IsActive: 1
--- !u!224 &386313087
RectTransform:
  m_ObjectHideFlags: 0
  m_PrefabParentObject: {fileID: 22400952, guid: 5cf054876c31ff546a63ef7d381ace4f,
    type: 2}
  m_PrefabInternal: {fileID: 2076139032}
  m_GameObject: {fileID: 386313086}
  m_LocalRotation: {x: 0, y: 0, z: 0, w: 1}
  m_LocalPosition: {x: 0, y: 0, z: 0}
  m_LocalScale: {x: 1, y: 1, z: 1}
  m_Children: []
  m_Father: {fileID: 1582808746}
  m_RootOrder: 6
  m_AnchorMin: {x: 0, y: 0}
  m_AnchorMax: {x: 1, y: 1}
  m_AnchoredPosition: {x: 0, y: 0}
  m_SizeDelta: {x: 0, y: 0}
  m_Pivot: {x: .5, y: .5}
--- !u!114 &386313088
MonoBehaviour:
  m_ObjectHideFlags: 0
  m_PrefabParentObject: {fileID: 11400952, guid: 5cf054876c31ff546a63ef7d381ace4f,
    type: 2}
  m_PrefabInternal: {fileID: 2076139032}
  m_GameObject: {fileID: 386313086}
  m_Enabled: 1
  m_EditorHideFlags: 0
  m_Script: {fileID: -765806418, guid: f5f67c52d1564df4a8936ccd202a3bd8, type: 3}
  m_Name: 
  m_EditorClassIdentifier: 
  m_Material: {fileID: 0}
  m_Color: {r: 0, g: 0, b: 0, a: 1}
  m_Sprite: {fileID: 10907, guid: 0000000000000000f000000000000000, type: 0}
  m_Type: 1
  m_PreserveAspect: 0
  m_FillCenter: 1
  m_FillMethod: 4
  m_FillAmount: 1
  m_FillClockwise: 1
  m_FillOrigin: 0
--- !u!222 &386313089
CanvasRenderer:
  m_ObjectHideFlags: 0
  m_PrefabParentObject: {fileID: 22200952, guid: 5cf054876c31ff546a63ef7d381ace4f,
    type: 2}
  m_PrefabInternal: {fileID: 2076139032}
  m_GameObject: {fileID: 386313086}
--- !u!114 &386313090
MonoBehaviour:
  m_ObjectHideFlags: 0
  m_PrefabParentObject: {fileID: 11400954, guid: 5cf054876c31ff546a63ef7d381ace4f,
    type: 2}
  m_PrefabInternal: {fileID: 2076139032}
  m_GameObject: {fileID: 386313086}
  m_Enabled: 1
  m_EditorHideFlags: 0
  m_Script: {fileID: 11500000, guid: 226ddbc2f025d904db07ee0eb3a831c6, type: 3}
  m_Name: 
  m_EditorClassIdentifier: 
  fadeInTime: 3
  fadingSpeed: 1
--- !u!1 &634434167
GameObject:
  m_ObjectHideFlags: 0
  m_PrefabParentObject: {fileID: 169522, guid: 5cf054876c31ff546a63ef7d381ace4f, type: 2}
  m_PrefabInternal: {fileID: 2076139032}
  serializedVersion: 4
  m_Component:
  - 224: {fileID: 634434168}
  - 222: {fileID: 634434171}
  - 114: {fileID: 634434170}
  - 114: {fileID: 634434169}
  m_Layer: 5
  m_Name: Quit Button
  m_TagString: Untagged
  m_Icon: {fileID: 0}
  m_NavMeshLayer: 0
  m_StaticEditorFlags: 0
  m_IsActive: 1
--- !u!224 &634434168
RectTransform:
  m_ObjectHideFlags: 0
  m_PrefabParentObject: {fileID: 22469522, guid: 5cf054876c31ff546a63ef7d381ace4f,
    type: 2}
  m_PrefabInternal: {fileID: 2076139032}
  m_GameObject: {fileID: 634434167}
  m_LocalRotation: {x: 0, y: 0, z: 0, w: 1}
  m_LocalPosition: {x: 0, y: 0, z: 0}
  m_LocalScale: {x: 1, y: 1, z: 1}
  m_Children: []
  m_Father: {fileID: 1582808746}
  m_RootOrder: 4
  m_AnchorMin: {x: .5, y: .5}
  m_AnchorMax: {x: .5, y: .5}
  m_AnchoredPosition: {x: -597, y: -281}
  m_SizeDelta: {x: 259, y: 86}
  m_Pivot: {x: .5, y: .5}
--- !u!114 &634434169
MonoBehaviour:
  m_ObjectHideFlags: 0
  m_PrefabParentObject: {fileID: 11469530, guid: 5cf054876c31ff546a63ef7d381ace4f,
    type: 2}
  m_PrefabInternal: {fileID: 2076139032}
  m_GameObject: {fileID: 634434167}
  m_Enabled: 1
  m_EditorHideFlags: 0
  m_Script: {fileID: 1392445389, guid: f5f67c52d1564df4a8936ccd202a3bd8, type: 3}
  m_Name: 
  m_EditorClassIdentifier: 
  m_Navigation:
    m_Mode: 3
    m_SelectOnUp: {fileID: 0}
    m_SelectOnDown: {fileID: 0}
    m_SelectOnLeft: {fileID: 0}
    m_SelectOnRight: {fileID: 0}
  m_Transition: 1
  m_Colors:
    m_NormalColor: {r: 1, g: 1, b: 1, a: 1}
    m_HighlightedColor: {r: 0, g: 1, b: 0, a: 1}
    m_PressedColor: {r: 1, g: .351724148, b: 0, a: .698039234}
    m_DisabledColor: {r: .250980407, g: .250980407, b: .250980407, a: .501960814}
    m_ColorMultiplier: 2
    m_FadeDuration: .100000001
  m_SpriteState:
    m_HighlightedSprite: {fileID: 0}
    m_PressedSprite: {fileID: 0}
    m_DisabledSprite: {fileID: 0}
  m_AnimationTriggers:
    m_NormalTrigger: Normal
    m_HighlightedTrigger: Highlighted
    m_PressedTrigger: Pressed
    m_DisabledTrigger: Disabled
  m_Interactable: 1
  m_TargetGraphic: {fileID: 634434170}
  m_OnClick:
    m_PersistentCalls:
      m_Calls:
      - m_Target: {fileID: 11423858, guid: 571117c3068df8a4298a83aaabf94ec0, type: 2}
        m_MethodName: QuitRequest
        m_Mode: 1
        m_Arguments:
          m_ObjectArgument: {fileID: 0}
          m_ObjectArgumentAssemblyTypeName: UnityEngine.Object, UnityEngine, Version=0.0.0.0,
            Culture=neutral, PublicKeyToken=null
          m_IntArgument: 0
          m_FloatArgument: 0
          m_StringArgument: 
          m_BoolArgument: 0
        m_CallState: 1
    m_TypeName: UnityEngine.UI.Button+ButtonClickedEvent, UnityEngine.UI, Version=1.0.0.0,
      Culture=neutral, PublicKeyToken=null
--- !u!114 &634434170
MonoBehaviour:
  m_ObjectHideFlags: 0
  m_PrefabParentObject: {fileID: 11469528, guid: 5cf054876c31ff546a63ef7d381ace4f,
    type: 2}
  m_PrefabInternal: {fileID: 2076139032}
  m_GameObject: {fileID: 634434167}
  m_Enabled: 1
  m_EditorHideFlags: 0
  m_Script: {fileID: 708705254, guid: f5f67c52d1564df4a8936ccd202a3bd8, type: 3}
  m_Name: 
  m_EditorClassIdentifier: 
  m_Material: {fileID: 0}
  m_Color: {r: 1, g: 1, b: 1, a: 1}
  m_FontData:
    m_Font: {fileID: 12800000, guid: 8afa314d9821a0f4da8a9e3ba29bbb9a, type: 3}
    m_FontSize: 37
    m_FontStyle: 0
    m_BestFit: 0
    m_MinSize: 10
    m_MaxSize: 40
    m_Alignment: 0
    m_RichText: 0
    m_HorizontalOverflow: 0
    m_VerticalOverflow: 0
    m_LineSpacing: 1
  m_Text: Quit
--- !u!222 &634434171
CanvasRenderer:
  m_ObjectHideFlags: 0
  m_PrefabParentObject: {fileID: 22269520, guid: 5cf054876c31ff546a63ef7d381ace4f,
    type: 2}
  m_PrefabInternal: {fileID: 2076139032}
  m_GameObject: {fileID: 634434167}
--- !u!1 &766621383
GameObject:
  m_ObjectHideFlags: 0
  m_PrefabParentObject: {fileID: 169512, guid: 5cf054876c31ff546a63ef7d381ace4f, type: 2}
  m_PrefabInternal: {fileID: 2076139032}
  serializedVersion: 4
  m_Component:
  - 224: {fileID: 766621384}
  - 222: {fileID: 766621387}
  - 114: {fileID: 766621386}
  - 114: {fileID: 766621385}
  m_Layer: 5
  m_Name: Options Button
  m_TagString: Untagged
  m_Icon: {fileID: 0}
  m_NavMeshLayer: 0
  m_StaticEditorFlags: 0
  m_IsActive: 1
--- !u!224 &766621384
RectTransform:
  m_ObjectHideFlags: 0
  m_PrefabParentObject: {fileID: 22469512, guid: 5cf054876c31ff546a63ef7d381ace4f,
    type: 2}
  m_PrefabInternal: {fileID: 2076139032}
  m_GameObject: {fileID: 766621383}
  m_LocalRotation: {x: 0, y: 0, z: 0, w: 1}
  m_LocalPosition: {x: 0, y: 0, z: 0}
  m_LocalScale: {x: 1, y: 1, z: 1}
  m_Children: []
  m_Father: {fileID: 1582808746}
  m_RootOrder: 5
  m_AnchorMin: {x: .5, y: .5}
  m_AnchorMax: {x: .5, y: .5}
  m_AnchoredPosition: {x: -572.000061, y: -195}
  m_SizeDelta: {x: 309, y: 86}
  m_Pivot: {x: .5, y: .5}
--- !u!114 &766621385
MonoBehaviour:
  m_ObjectHideFlags: 0
  m_PrefabParentObject: {fileID: 11469514, guid: 5cf054876c31ff546a63ef7d381ace4f,
    type: 2}
  m_PrefabInternal: {fileID: 2076139032}
  m_GameObject: {fileID: 766621383}
  m_Enabled: 1
  m_EditorHideFlags: 0
  m_Script: {fileID: 1392445389, guid: f5f67c52d1564df4a8936ccd202a3bd8, type: 3}
  m_Name: 
  m_EditorClassIdentifier: 
  m_Navigation:
    m_Mode: 3
    m_SelectOnUp: {fileID: 0}
    m_SelectOnDown: {fileID: 0}
    m_SelectOnLeft: {fileID: 0}
    m_SelectOnRight: {fileID: 0}
  m_Transition: 1
  m_Colors:
    m_NormalColor: {r: 1, g: 1, b: 1, a: 1}
    m_HighlightedColor: {r: 0, g: 1, b: 0, a: 1}
    m_PressedColor: {r: 1, g: .351724148, b: 0, a: .698039234}
    m_DisabledColor: {r: .250980407, g: .250980407, b: .250980407, a: .501960814}
    m_ColorMultiplier: 2
    m_FadeDuration: .100000001
  m_SpriteState:
    m_HighlightedSprite: {fileID: 0}
    m_PressedSprite: {fileID: 0}
    m_DisabledSprite: {fileID: 0}
  m_AnimationTriggers:
    m_NormalTrigger: Normal
    m_HighlightedTrigger: Highlighted
    m_PressedTrigger: Pressed
    m_DisabledTrigger: Disabled
  m_Interactable: 1
  m_TargetGraphic: {fileID: 766621386}
  m_OnClick:
    m_PersistentCalls:
      m_Calls:
      - m_Target: {fileID: 11423858, guid: 571117c3068df8a4298a83aaabf94ec0, type: 2}
        m_MethodName: LoadLevel
        m_Mode: 5
        m_Arguments:
          m_ObjectArgument: {fileID: 0}
          m_ObjectArgumentAssemblyTypeName: UnityEngine.Object, UnityEngine, Version=0.0.0.0,
            Culture=neutral, PublicKeyToken=null
          m_IntArgument: 0
          m_FloatArgument: 0
          m_StringArgument: 01b Options
          m_BoolArgument: 0
        m_CallState: 1
    m_TypeName: UnityEngine.UI.Button+ButtonClickedEvent, UnityEngine.UI, Version=1.0.0.0,
      Culture=neutral, PublicKeyToken=null
--- !u!114 &766621386
MonoBehaviour:
  m_ObjectHideFlags: 0
  m_PrefabParentObject: {fileID: 11469512, guid: 5cf054876c31ff546a63ef7d381ace4f,
    type: 2}
  m_PrefabInternal: {fileID: 2076139032}
  m_GameObject: {fileID: 766621383}
  m_Enabled: 1
  m_EditorHideFlags: 0
  m_Script: {fileID: 708705254, guid: f5f67c52d1564df4a8936ccd202a3bd8, type: 3}
  m_Name: 
  m_EditorClassIdentifier: 
  m_Material: {fileID: 0}
  m_Color: {r: 1, g: 1, b: 1, a: 1}
  m_FontData:
    m_Font: {fileID: 12800000, guid: 8afa314d9821a0f4da8a9e3ba29bbb9a, type: 3}
    m_FontSize: 41
    m_FontStyle: 0
    m_BestFit: 0
    m_MinSize: 10
    m_MaxSize: 40
    m_Alignment: 0
    m_RichText: 0
    m_HorizontalOverflow: 0
    m_VerticalOverflow: 0
    m_LineSpacing: 1
  m_Text: Options
--- !u!222 &766621387
CanvasRenderer:
  m_ObjectHideFlags: 0
  m_PrefabParentObject: {fileID: 22269512, guid: 5cf054876c31ff546a63ef7d381ace4f,
    type: 2}
  m_PrefabInternal: {fileID: 2076139032}
  m_GameObject: {fileID: 766621383}
--- !u!1 &929709343
GameObject:
  m_ObjectHideFlags: 0
  m_PrefabParentObject: {fileID: 0}
  m_PrefabInternal: {fileID: 0}
  serializedVersion: 4
  m_Component:
  - 4: {fileID: 929709348}
  - 20: {fileID: 929709347}
  - 92: {fileID: 929709346}
  - 124: {fileID: 929709345}
  - 81: {fileID: 929709344}
  m_Layer: 0
  m_Name: Main Camera
  m_TagString: MainCamera
  m_Icon: {fileID: 0}
  m_NavMeshLayer: 0
  m_StaticEditorFlags: 0
  m_IsActive: 1
--- !u!81 &929709344
AudioListener:
  m_ObjectHideFlags: 0
  m_PrefabParentObject: {fileID: 0}
  m_PrefabInternal: {fileID: 0}
  m_GameObject: {fileID: 929709343}
  m_Enabled: 1
--- !u!124 &929709345
Behaviour:
  m_ObjectHideFlags: 0
  m_PrefabParentObject: {fileID: 0}
  m_PrefabInternal: {fileID: 0}
  m_GameObject: {fileID: 929709343}
  m_Enabled: 1
--- !u!92 &929709346
Behaviour:
  m_ObjectHideFlags: 0
  m_PrefabParentObject: {fileID: 0}
  m_PrefabInternal: {fileID: 0}
  m_GameObject: {fileID: 929709343}
  m_Enabled: 1
--- !u!20 &929709347
Camera:
  m_ObjectHideFlags: 0
  m_PrefabParentObject: {fileID: 0}
  m_PrefabInternal: {fileID: 0}
  m_GameObject: {fileID: 929709343}
  m_Enabled: 1
  serializedVersion: 2
  m_ClearFlags: 1
  m_BackGroundColor: {r: 0, g: 0, b: 0, a: .0196078438}
  m_NormalizedViewPortRect:
    serializedVersion: 2
    x: 0
    y: 0
    width: 1
    height: 1
  near clip plane: .300000012
  far clip plane: 1000
  field of view: 60
  orthographic: 1
  orthographic size: 5
  m_Depth: -1
  m_CullingMask:
    serializedVersion: 2
    m_Bits: 4294967295
  m_RenderingPath: -1
  m_TargetTexture: {fileID: 0}
  m_TargetDisplay: 0
  m_HDR: 0
  m_OcclusionCulling: 1
  m_StereoConvergence: 10
  m_StereoSeparation: .0219999999
--- !u!4 &929709348
Transform:
  m_ObjectHideFlags: 0
  m_PrefabParentObject: {fileID: 0}
  m_PrefabInternal: {fileID: 0}
  m_GameObject: {fileID: 929709343}
  m_LocalRotation: {x: 0, y: 0, z: 0, w: 1}
  m_LocalPosition: {x: 0, y: 0, z: 0}
  m_LocalScale: {x: 1, y: 1, z: 1}
  m_Children: []
  m_Father: {fileID: 0}
  m_RootOrder: 0
--- !u!1 &1175581330
GameObject:
  m_ObjectHideFlags: 0
  m_PrefabParentObject: {fileID: 169518, guid: 5cf054876c31ff546a63ef7d381ace4f, type: 2}
  m_PrefabInternal: {fileID: 2076139032}
  serializedVersion: 4
  m_Component:
  - 224: {fileID: 1175581331}
  - 222: {fileID: 1175581333}
  - 114: {fileID: 1175581332}
  m_Layer: 5
  m_Name: Background
  m_TagString: Untagged
  m_Icon: {fileID: 0}
  m_NavMeshLayer: 0
  m_StaticEditorFlags: 0
  m_IsActive: 1
--- !u!224 &1175581331
RectTransform:
  m_ObjectHideFlags: 0
  m_PrefabParentObject: {fileID: 22469518, guid: 5cf054876c31ff546a63ef7d381ace4f,
    type: 2}
  m_PrefabInternal: {fileID: 2076139032}
  m_GameObject: {fileID: 1175581330}
  m_LocalRotation: {x: 0, y: 0, z: 0, w: 1}
  m_LocalPosition: {x: 0, y: 0, z: 0}
  m_LocalScale: {x: 1, y: 1, z: 1}
  m_Children: []
  m_Father: {fileID: 1582808746}
  m_RootOrder: 0
  m_AnchorMin: {x: .5, y: .5}
  m_AnchorMax: {x: .5, y: .5}
  m_AnchoredPosition: {x: 2.28881836e-05, y: .139285088}
  m_SizeDelta: {x: 1600, y: 900}
  m_Pivot: {x: .5, y: .5}
--- !u!114 &1175581332
MonoBehaviour:
  m_ObjectHideFlags: 0
  m_PrefabParentObject: {fileID: 11469522, guid: 5cf054876c31ff546a63ef7d381ace4f,
    type: 2}
  m_PrefabInternal: {fileID: 2076139032}
  m_GameObject: {fileID: 1175581330}
  m_Enabled: 1
  m_EditorHideFlags: 0
  m_Script: {fileID: -765806418, guid: f5f67c52d1564df4a8936ccd202a3bd8, type: 3}
  m_Name: 
  m_EditorClassIdentifier: 
  m_Material: {fileID: 0}
  m_Color: {r: 1, g: 1, b: 1, a: 1}
  m_Sprite: {fileID: 21300000, guid: 560b099084011b24f999f5ffcc8b9ee7, type: 3}
  m_Type: 0
  m_PreserveAspect: 1
  m_FillCenter: 1
  m_FillMethod: 4
  m_FillAmount: 1
  m_FillClockwise: 1
  m_FillOrigin: 0
--- !u!222 &1175581333
CanvasRenderer:
  m_ObjectHideFlags: 0
  m_PrefabParentObject: {fileID: 22269516, guid: 5cf054876c31ff546a63ef7d381ace4f,
    type: 2}
  m_PrefabInternal: {fileID: 2076139032}
  m_GameObject: {fileID: 1175581330}
--- !u!1 &1582808745
GameObject:
  m_ObjectHideFlags: 0
  m_PrefabParentObject: {fileID: 169516, guid: 5cf054876c31ff546a63ef7d381ace4f, type: 2}
  m_PrefabInternal: {fileID: 2076139032}
  serializedVersion: 4
  m_Component:
  - 224: {fileID: 1582808746}
  - 223: {fileID: 1582808749}
  - 114: {fileID: 1582808748}
  - 114: {fileID: 1582808747}
  m_Layer: 5
  m_Name: Start Menu
  m_TagString: Untagged
  m_Icon: {fileID: 0}
  m_NavMeshLayer: 0
  m_StaticEditorFlags: 0
  m_IsActive: 1
--- !u!224 &1582808746
RectTransform:
  m_ObjectHideFlags: 0
  m_PrefabParentObject: {fileID: 22469516, guid: 5cf054876c31ff546a63ef7d381ace4f,
    type: 2}
  m_PrefabInternal: {fileID: 2076139032}
  m_GameObject: {fileID: 1582808745}
  m_LocalRotation: {x: 0, y: 0, z: 0, w: 1}
  m_LocalPosition: {x: 0, y: 0, z: 0}
  m_LocalScale: {x: 0, y: 0, z: 0}
  m_Children:
  - {fileID: 1175581331}
  - {fileID: 2004064001}
  - {fileID: 222855360}
  - {fileID: 1890259814}
  - {fileID: 634434168}
  - {fileID: 766621384}
  - {fileID: 386313087}
  m_Father: {fileID: 0}
  m_RootOrder: 2
  m_AnchorMin: {x: 0, y: 0}
  m_AnchorMax: {x: 0, y: 0}
  m_AnchoredPosition: {x: 0, y: 0}
  m_SizeDelta: {x: 0, y: 0}
  m_Pivot: {x: 0, y: 0}
--- !u!114 &1582808747
MonoBehaviour:
  m_ObjectHideFlags: 0
  m_PrefabParentObject: {fileID: 11469520, guid: 5cf054876c31ff546a63ef7d381ace4f,
    type: 2}
  m_PrefabInternal: {fileID: 2076139032}
  m_GameObject: {fileID: 1582808745}
  m_Enabled: 1
  m_EditorHideFlags: 0
  m_Script: {fileID: 1301386320, guid: f5f67c52d1564df4a8936ccd202a3bd8, type: 3}
  m_Name: 
  m_EditorClassIdentifier: 
  m_IgnoreReversedGraphics: 1
  m_BlockingObjects: 0
  m_BlockingMask:
    serializedVersion: 2
    m_Bits: 4294967295
--- !u!114 &1582808748
MonoBehaviour:
  m_ObjectHideFlags: 0
  m_PrefabParentObject: {fileID: 11469518, guid: 5cf054876c31ff546a63ef7d381ace4f,
    type: 2}
  m_PrefabInternal: {fileID: 2076139032}
  m_GameObject: {fileID: 1582808745}
  m_Enabled: 1
  m_EditorHideFlags: 0
  m_Script: {fileID: 1980459831, guid: f5f67c52d1564df4a8936ccd202a3bd8, type: 3}
  m_Name: 
  m_EditorClassIdentifier: 
  m_UiScaleMode: 1
  m_ReferencePixelsPerUnit: 100
  m_ScaleFactor: 1
  m_ReferenceResolution: {x: 1600, y: 900}
  m_ScreenMatchMode: 0
  m_MatchWidthOrHeight: 0
  m_PhysicalUnit: 3
  m_FallbackScreenDPI: 96
  m_DefaultSpriteDPI: 96
  m_DynamicPixelsPerUnit: 1
--- !u!223 &1582808749
Canvas:
  m_ObjectHideFlags: 0
  m_PrefabParentObject: {fileID: 22369510, guid: 5cf054876c31ff546a63ef7d381ace4f,
    type: 2}
  m_PrefabInternal: {fileID: 2076139032}
  m_GameObject: {fileID: 1582808745}
  m_Enabled: 1
  serializedVersion: 2
  m_RenderMode: 0
  m_Camera: {fileID: 0}
  m_PlaneDistance: 100
  m_PixelPerfect: 1
  m_ReceivesEvents: 1
  m_OverrideSorting: 0
  m_OverridePixelPerfect: 0
  m_SortingLayerID: 0
  m_SortingOrder: 0
--- !u!1 &1841770543
GameObject:
  m_ObjectHideFlags: 0
  m_PrefabParentObject: {fileID: 0}
  m_PrefabInternal: {fileID: 0}
  serializedVersion: 4
  m_Component:
  - 4: {fileID: 1841770545}
  - 114: {fileID: 1841770544}
  m_Layer: 0
  m_Name: Scripts
  m_TagString: Untagged
  m_Icon: {fileID: 0}
  m_NavMeshLayer: 0
  m_StaticEditorFlags: 0
  m_IsActive: 1
--- !u!114 &1841770544
MonoBehaviour:
  m_ObjectHideFlags: 0
  m_PrefabParentObject: {fileID: 0}
  m_PrefabInternal: {fileID: 0}
  m_GameObject: {fileID: 1841770543}
  m_Enabled: 1
  m_EditorHideFlags: 0
  m_Script: {fileID: 11500000, guid: 9a713256f8ec0c042a0f899fc8f5cc54, type: 3}
  m_Name: 
  m_EditorClassIdentifier: 
--- !u!4 &1841770545
Transform:
  m_ObjectHideFlags: 0
  m_PrefabParentObject: {fileID: 0}
  m_PrefabInternal: {fileID: 0}
  m_GameObject: {fileID: 1841770543}
  m_LocalRotation: {x: 0, y: 0, z: 0, w: 1}
  m_LocalPosition: {x: 0, y: 0, z: 0}
  m_LocalScale: {x: 1, y: 1, z: 1}
  m_Children: []
  m_Father: {fileID: 0}
  m_RootOrder: 3
--- !u!1 &1890259810
GameObject:
  m_ObjectHideFlags: 0
  m_PrefabParentObject: {fileID: 169520, guid: 5cf054876c31ff546a63ef7d381ace4f, type: 2}
  m_PrefabInternal: {fileID: 2076139032}
  serializedVersion: 4
  m_Component:
  - 224: {fileID: 1890259814}
  - 222: {fileID: 1890259813}
  - 114: {fileID: 1890259812}
  - 114: {fileID: 1890259811}
  m_Layer: 5
  m_Name: Start Button
  m_TagString: Untagged
  m_Icon: {fileID: 0}
  m_NavMeshLayer: 0
  m_StaticEditorFlags: 0
  m_IsActive: 1
--- !u!114 &1890259811
MonoBehaviour:
  m_ObjectHideFlags: 0
  m_PrefabParentObject: {fileID: 11469524, guid: 5cf054876c31ff546a63ef7d381ace4f,
    type: 2}
  m_PrefabInternal: {fileID: 2076139032}
  m_GameObject: {fileID: 1890259810}
  m_Enabled: 1
  m_EditorHideFlags: 0
  m_Script: {fileID: 1392445389, guid: f5f67c52d1564df4a8936ccd202a3bd8, type: 3}
  m_Name: 
  m_EditorClassIdentifier: 
  m_Navigation:
    m_Mode: 3
    m_SelectOnUp: {fileID: 0}
    m_SelectOnDown: {fileID: 0}
    m_SelectOnLeft: {fileID: 0}
    m_SelectOnRight: {fileID: 0}
  m_Transition: 1
  m_Colors:
    m_NormalColor: {r: 1, g: 1, b: 1, a: 1}
    m_HighlightedColor: {r: 0, g: 1, b: 0, a: 1}
    m_PressedColor: {r: 1, g: .351724148, b: 0, a: .698039234}
    m_DisabledColor: {r: .250980407, g: .250980407, b: .250980407, a: .501960814}
    m_ColorMultiplier: 2
    m_FadeDuration: .100000001
  m_SpriteState:
    m_HighlightedSprite: {fileID: 0}
    m_PressedSprite: {fileID: 0}
    m_DisabledSprite: {fileID: 0}
  m_AnimationTriggers:
    m_NormalTrigger: Normal
    m_HighlightedTrigger: Highlighted
    m_PressedTrigger: Pressed
    m_DisabledTrigger: Disabled
  m_Interactable: 1
  m_TargetGraphic: {fileID: 1890259812}
  m_OnClick:
    m_PersistentCalls:
      m_Calls:
      - m_Target: {fileID: 11423858, guid: 571117c3068df8a4298a83aaabf94ec0, type: 2}
        m_MethodName: LoadLevel
        m_Mode: 5
        m_Arguments:
          m_ObjectArgument: {fileID: 0}
          m_ObjectArgumentAssemblyTypeName: UnityEngine.Object, UnityEngine, Version=0.0.0.0,
            Culture=neutral, PublicKeyToken=null
          m_IntArgument: 0
          m_FloatArgument: 0
          m_StringArgument: 02 Level_01
          m_BoolArgument: 0
        m_CallState: 1
    m_TypeName: UnityEngine.UI.Button+ButtonClickedEvent, UnityEngine.UI, Version=1.0.0.0,
      Culture=neutral, PublicKeyToken=null
--- !u!114 &1890259812
MonoBehaviour:
  m_ObjectHideFlags: 0
  m_PrefabParentObject: {fileID: 11469526, guid: 5cf054876c31ff546a63ef7d381ace4f,
    type: 2}
  m_PrefabInternal: {fileID: 2076139032}
  m_GameObject: {fileID: 1890259810}
  m_Enabled: 1
  m_EditorHideFlags: 0
  m_Script: {fileID: 708705254, guid: f5f67c52d1564df4a8936ccd202a3bd8, type: 3}
  m_Name: 
  m_EditorClassIdentifier: 
  m_Material: {fileID: 0}
  m_Color: {r: 1, g: 1, b: 1, a: 1}
  m_FontData:
    m_Font: {fileID: 12800000, guid: 8afa314d9821a0f4da8a9e3ba29bbb9a, type: 3}
    m_FontSize: 67
    m_FontStyle: 0
    m_BestFit: 0
    m_MinSize: 10
    m_MaxSize: 40
    m_Alignment: 0
    m_RichText: 0
    m_HorizontalOverflow: 0
    m_VerticalOverflow: 0
    m_LineSpacing: 1
  m_Text: Start
--- !u!222 &1890259813
CanvasRenderer:
  m_ObjectHideFlags: 0
  m_PrefabParentObject: {fileID: 22269518, guid: 5cf054876c31ff546a63ef7d381ace4f,
    type: 2}
  m_PrefabInternal: {fileID: 2076139032}
  m_GameObject: {fileID: 1890259810}
--- !u!224 &1890259814
RectTransform:
  m_ObjectHideFlags: 0
  m_PrefabParentObject: {fileID: 22469520, guid: 5cf054876c31ff546a63ef7d381ace4f,
    type: 2}
  m_PrefabInternal: {fileID: 2076139032}
  m_GameObject: {fileID: 1890259810}
  m_LocalRotation: {x: 0, y: 0, z: 0, w: 1}
  m_LocalPosition: {x: 0, y: 0, z: 0}
  m_LocalScale: {x: 1, y: 1, z: 1}
  m_Children: []
  m_Father: {fileID: 1582808746}
  m_RootOrder: 3
  m_AnchorMin: {x: .5, y: .5}
  m_AnchorMax: {x: .5, y: .5}
  m_AnchoredPosition: {x: -558.25, y: -87.9999924}
  m_SizeDelta: {x: 336.5, y: 128}
  m_Pivot: {x: .5, y: .5}
--- !u!1 &2004064000
GameObject:
  m_ObjectHideFlags: 0
  m_PrefabParentObject: {fileID: 169514, guid: 5cf054876c31ff546a63ef7d381ace4f, type: 2}
  m_PrefabInternal: {fileID: 2076139032}
  serializedVersion: 4
  m_Component:
  - 224: {fileID: 2004064001}
  - 222: {fileID: 2004064003}
  - 114: {fileID: 2004064002}
  m_Layer: 5
  m_Name: Title
  m_TagString: Untagged
  m_Icon: {fileID: 0}
  m_NavMeshLayer: 0
  m_StaticEditorFlags: 0
  m_IsActive: 1
--- !u!224 &2004064001
RectTransform:
  m_ObjectHideFlags: 0
  m_PrefabParentObject: {fileID: 22469514, guid: 5cf054876c31ff546a63ef7d381ace4f,
    type: 2}
  m_PrefabInternal: {fileID: 2076139032}
  m_GameObject: {fileID: 2004064000}
  m_LocalRotation: {x: 0, y: 0, z: 0, w: 1}
  m_LocalPosition: {x: 0, y: 0, z: 0}
  m_LocalScale: {x: 1, y: 1, z: 1}
  m_Children: []
  m_Father: {fileID: 1582808746}
  m_RootOrder: 1
  m_AnchorMin: {x: .5, y: .5}
  m_AnchorMax: {x: .5, y: .5}
  m_AnchoredPosition: {x: -364.000061, y: 352}
  m_SizeDelta: {x: 725, y: 116}
  m_Pivot: {x: .5, y: .5}
--- !u!114 &2004064002
MonoBehaviour:
  m_ObjectHideFlags: 0
  m_PrefabParentObject: {fileID: 11469516, guid: 5cf054876c31ff546a63ef7d381ace4f,
    type: 2}
  m_PrefabInternal: {fileID: 2076139032}
  m_GameObject: {fileID: 2004064000}
  m_Enabled: 1
  m_EditorHideFlags: 0
  m_Script: {fileID: 708705254, guid: f5f67c52d1564df4a8936ccd202a3bd8, type: 3}
  m_Name: 
  m_EditorClassIdentifier: 
  m_Material: {fileID: 0}
  m_Color: {r: 1, g: 1, b: 1, a: 1}
  m_FontData:
    m_Font: {fileID: 12800000, guid: 8afa314d9821a0f4da8a9e3ba29bbb9a, type: 3}
    m_FontSize: 58
    m_FontStyle: 0
    m_BestFit: 0
    m_MinSize: 10
    m_MaxSize: 40
    m_Alignment: 0
    m_RichText: 0
    m_HorizontalOverflow: 0
    m_VerticalOverflow: 0
    m_LineSpacing: 1
  m_Text: Backyard Glitch
--- !u!222 &2004064003
CanvasRenderer:
  m_ObjectHideFlags: 0
  m_PrefabParentObject: {fileID: 22269514, guid: 5cf054876c31ff546a63ef7d381ace4f,
    type: 2}
  m_PrefabInternal: {fileID: 2076139032}
  m_GameObject: {fileID: 2004064000}
--- !u!1001 &2076139032
Prefab:
  m_ObjectHideFlags: 0
  serializedVersion: 2
  m_Modification:
    m_TransformParent: {fileID: 0}
    m_Modifications:
    - target: {fileID: 22469516, guid: 5cf054876c31ff546a63ef7d381ace4f, type: 2}
      propertyPath: m_LocalPosition.x
      value: 0
      objectReference: {fileID: 0}
    - target: {fileID: 22469516, guid: 5cf054876c31ff546a63ef7d381ace4f, type: 2}
      propertyPath: m_LocalPosition.y
      value: 0
      objectReference: {fileID: 0}
    - target: {fileID: 22469516, guid: 5cf054876c31ff546a63ef7d381ace4f, type: 2}
      propertyPath: m_LocalPosition.z
      value: 0
      objectReference: {fileID: 0}
    - target: {fileID: 22469516, guid: 5cf054876c31ff546a63ef7d381ace4f, type: 2}
      propertyPath: m_LocalRotation.x
      value: 0
      objectReference: {fileID: 0}
    - target: {fileID: 22469516, guid: 5cf054876c31ff546a63ef7d381ace4f, type: 2}
      propertyPath: m_LocalRotation.y
      value: 0
      objectReference: {fileID: 0}
    - target: {fileID: 22469516, guid: 5cf054876c31ff546a63ef7d381ace4f, type: 2}
      propertyPath: m_LocalRotation.z
      value: 0
      objectReference: {fileID: 0}
    - target: {fileID: 22469516, guid: 5cf054876c31ff546a63ef7d381ace4f, type: 2}
      propertyPath: m_LocalRotation.w
      value: 1
      objectReference: {fileID: 0}
    - target: {fileID: 22469516, guid: 5cf054876c31ff546a63ef7d381ace4f, type: 2}
      propertyPath: m_RootOrder
      value: 2
      objectReference: {fileID: 0}
    - target: {fileID: 22469516, guid: 5cf054876c31ff546a63ef7d381ace4f, type: 2}
      propertyPath: m_AnchoredPosition.x
      value: 0
      objectReference: {fileID: 0}
    - target: {fileID: 22469516, guid: 5cf054876c31ff546a63ef7d381ace4f, type: 2}
      propertyPath: m_AnchoredPosition.y
      value: 0
      objectReference: {fileID: 0}
    - target: {fileID: 22469516, guid: 5cf054876c31ff546a63ef7d381ace4f, type: 2}
      propertyPath: m_SizeDelta.x
      value: 0
      objectReference: {fileID: 0}
    - target: {fileID: 22469516, guid: 5cf054876c31ff546a63ef7d381ace4f, type: 2}
      propertyPath: m_SizeDelta.y
      value: 0
      objectReference: {fileID: 0}
    - target: {fileID: 22469516, guid: 5cf054876c31ff546a63ef7d381ace4f, type: 2}
      propertyPath: m_AnchorMin.x
      value: 0
      objectReference: {fileID: 0}
    - target: {fileID: 22469516, guid: 5cf054876c31ff546a63ef7d381ace4f, type: 2}
      propertyPath: m_AnchorMin.y
      value: 0
      objectReference: {fileID: 0}
    - target: {fileID: 22469516, guid: 5cf054876c31ff546a63ef7d381ace4f, type: 2}
      propertyPath: m_AnchorMax.x
      value: 0
      objectReference: {fileID: 0}
    - target: {fileID: 22469516, guid: 5cf054876c31ff546a63ef7d381ace4f, type: 2}
      propertyPath: m_AnchorMax.y
      value: 0
      objectReference: {fileID: 0}
    - target: {fileID: 22469516, guid: 5cf054876c31ff546a63ef7d381ace4f, type: 2}
      propertyPath: m_Pivot.x
      value: 0
      objectReference: {fileID: 0}
    - target: {fileID: 22469516, guid: 5cf054876c31ff546a63ef7d381ace4f, type: 2}
      propertyPath: m_Pivot.y
      value: 0
      objectReference: {fileID: 0}
    m_RemovedComponents: []
  m_ParentPrefab: {fileID: 100100000, guid: 5cf054876c31ff546a63ef7d381ace4f, type: 2}
  m_RootGameObject: {fileID: 1582808745}
  m_IsPrefabParent: 0
  m_IsExploded: 1
